<record><leader>00000cas a2200000Ia 4500</leader><controlfield tag="001">9319052</controlfield><controlfield tag="008">830318d19731976njumr ne      0   a0eng d</controlfield><datafield ind1=" " ind2=" " tag="010"><subfield code="a">sn 93060383 </subfield></datafield><datafield ind1=" " ind2=" " tag="040"><subfield code="a">QPR</subfield><subfield code="b">eng</subfield><subfield code="c">QPR</subfield><subfield code="d">MQN</subfield><subfield code="d">OCLCF</subfield><subfield code="d">OCLCO</subfield></datafield><datafield ind1=" " ind2=" " tag="090"><subfield code="a">BX8001</subfield><subfield code="b">.L87</subfield></datafield><datafield ind1="0" ind2="0" tag="245"><subfield code="a">Lutheran Times in New Jersey.</subfield></datafield><datafield ind1="0" ind2="0" tag="246"><subfield code="a">Lutheran Times</subfield></datafield><datafield ind1=" " ind2=" " tag="260"><subfield code="a">Trenton, N.J. :</subfield><subfield code="b">Lutheran Welfare Association of New Jersey,</subfield><subfield code="c">1973-1976.</subfield></datafield><datafield ind1=" " ind2=" " tag="300"><subfield code="a">v.</subfield></datafield><datafield ind1=" " ind2=" " tag="310"><subfield code="a">Monthly</subfield></datafield><datafield ind1="0" ind2=" " tag="362"><subfield code="a">Vol. 2, no. 5 (May 1973)-v. 5, no. 3 (Mar. 1976).</subfield></datafield><datafield ind1=" " ind2=" " tag="500"><subfield code="a">Caption title.</subfield></datafield><datafield ind1=" " ind2=" " tag="500"><subfield code="a">"Serving the N.J. Synod (LCA), N.J. District (LCMS), Eastern District, N.J. Conference (ALC), and the Lutheran Welfare Assn. of N.J."</subfield></datafield><datafield ind1=" " ind2="0" tag="650"><subfield code="a">Lutheran Church</subfield><subfield code="v">Newspapers.</subfield></datafield><datafield ind1=" " ind2="7" tag="655"><subfield code="a">Newspapers.</subfield><subfield code="2">fast</subfield><subfield code="0">(OCoLC)fst01423814</subfield></datafield><datafield ind1=" " ind2="7" tag="650"><subfield code="a">Lutheran Church.</subfield><subfield code="2">fast</subfield><subfield code="0">(OCoLC)fst01003996</subfield></datafield><datafield ind1="2" ind2=" " tag="710"><subfield code="a">Lutheran Church in America.</subfield><subfield code="b">New Jersey Synod.</subfield></datafield><datafield ind1="2" ind2=" " tag="710"><subfield code="a">Lutheran Church--Missouri Synod.</subfield><subfield code="b">New Jersey District.</subfield></datafield><datafield ind1="2" ind2=" " tag="710"><subfield code="a">Lutheran Welfare Association of New Jersey.</subfield></datafield><datafield ind1="2" ind2=" " tag="710"><subfield code="a">American Lutheran Church (1961-1987).</subfield><subfield code="b">New Jersey-Northeastern Pennsylvania Conference.</subfield></datafield><datafield ind1="0" ind2="0" tag="780"><subfield code="t">Lutheran welfare (Trenton, N.J.)</subfield><subfield code="w">(OCoLC)9319099</subfield><subfield code="w">(DLC)sn 93060386</subfield></datafield><datafield ind1="0" ind2="0" tag="785"><subfield code="t">Lutheran times</subfield><subfield code="w">(OCoLC)8641019</subfield><subfield code="w">(DLC)sn 93060390</subfield></datafield><datafield ind1=" " ind2=" " tag="752"><subfield code="a">United States</subfield><subfield code="b">New Jersey</subfield><subfield code="c">Mercer</subfield><subfield code="d">Trenton.</subfield></datafield></record>